% bibliography.bib
% example bib

@article{article1,
  author = {Author, A.},
  title = {Title},
  journal = {Journal},
  year = {2013},
  volume = {1},
  pages = {1--2}
}