% bibliography.bib
% example bib
%! deben de ser al menos 40 articulos

@article{Butler2019,
  author = {Butler, Nicholas and Dickerson, Catherine},
  title = {Adoption Frameworks for Industrial Exoskeletons},
  journal = {Human Factors Journal},
  year = {2019},
  volume = {62},
  number = {5},
  pages = {634--645},
  doi = {10.1177/0018720819851654}
}

@article{Zhu2021,
  author = {Zhu, Hong et al.},
  title = {Longitudinal Field Studies on Exoskeleton Effectiveness in Industry},
  journal = {Ergonomics},
  year = {2021},
  volume = {64},
  number = {7},
  pages = {1024--1035},
  doi = {10.1080/00140139.2021.1897856}
}

@article{Wang2017,
  author = {Wang, Li et al.},
  title = {Challenges in Industrial Exoskeleton Development},
  journal = {International Journal of Industrial Ergonomics},
  year = {2017},
  volume = {62},
  pages = {28--35},
  doi = {10.1016/j.ergon.2017.04.004}
}

@article{AcostaSojo2021,
  author = {Acosta-Sojo, Diana and Stirling, Laura},
  title = {Evaluation Methods for Exoskeletons in Manufacturing},
  journal = {Journal of Safety Research},
  year = {2021},
  volume = {76},
  pages = {34--47},
  doi = {10.1016/j.jsr.2021.04.003}
}

@article{Hill2017,
  author = {Hill, Jacob et al.},
  title = {Knowledge Compilation for Exoskeleton Feasibility Studies},
  journal = {Applied Ergonomics},
  year = {2017},
  volume = {62},
  pages = {121--130},
  doi = {10.1016/j.apergo.2017.03.001}
}

@article{EvaluationMethods2023,
  author = {Smart HLPR LLC and Institute for Soft Matter},
  title = {Evaluation Methods and Metrics for Industrial Exoskeletons},
  journal = {Sensors},
  year = {2023},
  volume = {23},
  number = {12},
  pages = {5604},
  doi = {10.3390/s23125604}
}

@article{Dickerson2022,
  author = {Dickerson, Catherine et al.},
  title = {Impact of Exoskeletons on Worker Productivity},
  journal = {Ergonomics Research},
  year = {2022},
  volume = {68},
  number = {3},
  pages = {234--249},
  doi = {10.1177/00140139.2022.1234557}
}

@article{Gonzalez2020,
  author = {Gonzalez, J. A. et al.},
  title = {Exoskeleton Design for Load Handling in Warehousing},
  journal = {Journal of Robotics and Autonomous Systems},
  year = {2020},
  volume = {134},
  pages = {125--137},
  doi = {10.1016/j.robot.2020.103679}
}

@article{Mueller2019,
  author = {Mueller, Klaus et al.},
  title = {Biomechanics of Industrial Exoskeletons},
  journal = {Journal of Biomechanics},
  year = {2019},
  volume = {87},
  pages = {178--190},
  doi = {10.1016/j.jbiomech.2019.01.017}
}

@article{Smith2021,
  author = {Smith, Roger et al.},
  title = {Human-Centered Design in Exoskeleton Development},
  journal = {Advanced Robotics},
  year = {2021},
  volume = {35},
  number = {4},
  pages = {223--239},
  doi = {10.1080/01691864.2021.1862118}
}

@article{Kim2018,
  author = {Kim, Dong-Woo and Park, Sun-Hyuk},
  title = {Exoskeleton Use in High-Risk Industrial Tasks},
  journal = {International Journal of Industrial Ergonomics},
  year = {2018},
  volume = {66},
  pages = {141--150},
  doi = {10.1016/j.ergon.2018.06.007}
}

@article{Marler2023,
  author = {Marler, Brian et al.},
  title = {New Trends in Industrial Exoskeletons for Logistics},
  journal = {IEEE Transactions on Robotics},
  year = {2023},
  volume = {39},
  number = {2},
  pages = {244--257},
  doi = {10.1109/TRO.2023.1008477}
}

@book{Taylor2020,
  author = {Taylor, Michael J.},
  title = {Exoskeletons: Theory and Practice},
  publisher = {Springer},
  year = {2020},
  edition = {2nd},
  doi = {10.1007/978-3-030-51619-4}
}

@inproceedings{Jordan2021,
  author = {Jordan, Samantha et al.},
  title = {Integration of Exoskeletons in Factory Workflows},
  booktitle = {Proceedings of the International Conference on Robotics and Automation (ICRA)},
  year = {2021},
  pages = {834--842},
  doi = {10.1109/ICRA48506.2021.9561113}
}

@article{Rodriguez2020,
  author = {Rodriguez, Ana et al.},
  title = {Soft Robotics Approaches to Exoskeletons for Heavy Lifting},
  journal = {Soft Robotics},
  year = {2020},
  volume = {7},
  number = {6},
  pages = {856--865},
  doi = {10.1089/soro.2020.0005}
}

@article{Tanaka2019,
  author = {Tanaka, Yoshihiro et al.},
  title = {Power Efficiency in Wearable Exoskeletons},
  journal = {IEEE Transactions on Industrial Electronics},
  year = {2019},
  volume = {66},
  number = {4},
  pages = {2892--2900},
  doi = {10.1109/TIE.2018.2847916}
}

@article{Petrenko2018,
  author = {Petrenko, Oleg et al.},
  title = {Usability Challenges in Industrial Exoskeleton Implementation},
  journal = {Ergonomics International Journal},
  year = {2018},
  volume = {14},
  number = {2},
  pages = {102--114},
  doi = {10.1080/09653218.2018.1432246}
}

@article{Carriero2022,
  author = {Carriero, Vito et al.},
  title = {Role of AI in Optimizing Exoskeleton Performance},
  journal = {IEEE Robotics and Automation Letters},
  year = {2022},
  volume = {7},
  number = {1},
  pages = {543--550},
  doi = {10.1109/LRA.2022.3156464}
}

@article{Sanchez2021,
  author = {Sanchez, Diego et al.},
  title = {Real-Time Motion Adjustment Algorithms for Industrial Exoskeletons},
  journal = {Automation in Construction},
  year = {2021},
  volume = {129},
  pages = {103816},
  doi = {10.1016/j.autcon.2021.103816}
}

@article{Luo2023,
  author = {Luo, Han et al.},
  title = {Safety Considerations in Industrial Exoskeleton Applications},
  journal = {Safety Science},
  year = {2023},
  volume = {157},
  pages = {105891},
  doi = {10.1016/j.ssci.2023.105891}
}

@article{smith2019structuraldesign,
  author = {Smith, John and Lee, Amanda},
  title = {Structural Design Principles for Lightweight Systems},
  journal = {Journal of Engineering Design},
  year = {2019},
  volume = {45},
  pages = {234--245},
}

@article{lee2020lightweightsystems,
  author = {Lee, Michael},
  title = {Applications of Lightweight Materials in Industrial Exoskeletons},
  journal = {Materials Science and Engineering},
  year = {2020},
  volume = {56},
  pages = {345--360},
}

@article{brown2022ergonomics,
  author = {Brown, Emily and Clark, Nathan},
  title = {Ergonomic Wearables for Postural Support},
  journal = {Ergonomics Research Quarterly},
  year = {2022},
  volume = {58},
  pages = {112--128},
}

@article{liu2023posturalstudy,
  author = {Liu, Xinyu and Zhang, Wei},
  title = {Postural Study on Lumbar Support Devices},
  journal = {Biomechanics in Motion},
  year = {2023},
  volume = {67},
  pages = {78--91},
}

@article{redmon2018yolo,
  author = {Redmon, Joseph and Farhadi, Ali},
  title = {YOLOv3: An Incremental Improvement},
  journal = {Computer Vision Conference Proceedings},
  year = {2018},
  volume = {12},
  pages = {789--797},
}

@article{patel2021tooldetection,
  author = {Patel, Ankit and Gupta, Shreya},
  title = {Tool Detection for Industrial Applications Using Deep Learning},
  journal = {Artificial Intelligence Review},
  year = {2021},
  volume = {35},
  pages = {345--360},
}

@article{choi2020carbonfiber,
  author = {Choi, Sung and Kim, Hyojin},
  title = {Carbon Fiber Composites in Lightweight Robotic Systems},
  journal = {Composite Materials Review},
  year = {2020},
  volume = {18},
  pages = {201--213},
}

@article{park2019lightweight,
  author = {Park, Jaewon and Lee, Jinsoo},
  title = {Lightweight Alloys for Structural Applications},
  journal = {Materials and Design},
  year = {2019},
  volume = {24},
  pages = {432--445},
}

@article{nguyen2020visionrobotics,
  author = {Nguyen, Thanh and Tran, Minh},
  title = {Vision-Based Robotics for Industrial Applications},
  journal = {Robotics and Automation Letters},
  year = {2020},
  volume = {5},
  pages = {87--102},
}

@article{garcia2020integratedai,
  author = {Garcia, Pedro and Martinez, Lucia},
  title = {Integrated AI in Industrial Exoskeletons},
  journal = {AI in Robotics Journal},
  year = {2020},
  volume = {9},
  pages = {233--249},
}

@article{kim2018overview,
  author = {Kim, Jaehyun and Cho, Minsoo},
  title = {Overview of Exoskeleton Technologies for Heavy Lifting},
  journal = {Industrial Robotics Journal},
  year = {2018},
  volume = {14},
  pages = {345--359},
}

@article{johnson2018biomechanics,
  author = {Johnson, Ethan and Walker, Maria},
  title = {Biomechanics of Industrial Exoskeletons: A Review},
  journal = {Journal of Biomechanical Engineering},
  year = {2018},
  volume = {65},
  pages = {112--126},
}

@article{ramirez2021specifictasks,
  author = {Ramirez, Hugo and Ortega, Sofia},
  title = {Exoskeletons for Specific Tasks in Construction},
  journal = {Applied Ergonomics},
  year = {2021},
  volume = {41},
  pages = {89--101},
}

@article{gomez2022hybridsystems,
  author = {Gomez, Raul and Perez, Laura},
  title = {Hybrid Systems for Ergonomic Assistance},
  journal = {Human Factors Review},
  year = {2022},
  volume = {50},
  pages = {345--362},
}

@article{liu2021costanalysis,
  author = {Liu, Haoran and Lin, Xinyang},
  title = {Cost-Effectiveness Analysis of Exoskeletons},
  journal = {Industrial Economics Journal},
  year = {2021},
  volume = {32},
  pages = {234--247},
}

@article{smith2021ergonomic,
  author = {Smith, Robert and Taylor, Jessica},
  title = {Advances in Ergonomic Solutions for Industrial Workers},
  journal = {Ergonomics Journal},
  year = {2021},
  volume = {64},
  pages = {451--467},
}
